@book{pracmong,
 author = {Sabharwal, Navin and Edward, Shakuntala Gupta},
 title = {Practical MongoDB: Architecting, Developing, and Administering MongoDB},
 year = {2015},
 isbn = {1484206487, 9781484206485},
 publisher = {Apress},
 address = {Berkely, CA, USA},
}

@book{theguide,
 author = {Plugge, Eelco and Hows, David and Membrey, Peter and Hawkins, Tim},
 title = {The Definitive Guide to MongoDB: A Complete Guide to Dealing with Big Data Using MongoDB},
 year = {2015},
 isbn = {1484211839, 9781484211830},
 edition = {3rd},
 publisher = {Apress},
 address = {Berkely, CA, USA},
} 

@book{mdbinaction,
 author = {Banker, Kyle},
 title = {MongoDB in Action},
 year = {2011},
 isbn = {1935182870, 9781935182870},
 publisher = {Manning Publications},
}

@book{mdbbasics,
 author = {Membrey, Peter and Hows, David and Plugge, Eelco},
 title = {MongoDB Basics},
 year = {2014},
 isbn = {148420896X, 9781484208960},
 publisher = {Apress},
}

@misc{bsonspec,
 author = {bsonspec.org},
 title = {Specification Version 1.1},
 year = {2017},
 note = "Retrieved March 23, 2017, from
        \url{http://bsonspec.org/spec.html}; "
}

@misc{mdbdocu,
 author = {MongoDB Inc.},
 title = {The MongoDB 3.4 Manual},
 year = {2016},
 note = "Retrieved March 23, 2017, from
        \url{https://docs.mongodb.com/manual/}; "
}
